<?xml version="1.0" encoding="UTF-8"?><srw:searchRetrieveResponse xmlns:srw="http://www.loc.gov/zing/srw/" xmlns="http://catalogue.bnf.fr/namespaces/InterXMarc" xmlns:ixm="http://catalogue.bnf.fr/namespaces/InterXMarc" xmlns:mn="http://catalogue.bnf.fr/namespaces/motsnotices" xmlns:sd="http://www.loc.gov/zing/srw/diagnostic/">
<srw:version>1.2</srw:version>
<srw:echoedSearchRetrieveRequest>
<srw:version>1.2</srw:version>
<srw:query>bib.author all "victor hugo"</srw:query>
</srw:echoedSearchRetrieveRequest>
<srw:numberOfRecords>9221</srw:numberOfRecords>
<srw:records>
<srw:record>
<srw:recordSchema>marcxchange</srw:recordSchema>
<srw:recordPacking>xml</srw:recordPacking>
<srw:recordData>
<mxc:record xmlns:mxc="info:lc/xmlns/marcxchange-v2" format="INTERMARC" id="ark:/12148/cb36667185n" type="Bibliographic">   <mxc:leader>00867c0 m 22000271  45a </mxc:leader>   <mxc:controlfield tag="001">FRBNF366671850000007</mxc:controlfield>   <mxc:controlfield tag="003">http://catalogue.bnf.fr/ark:/12148/cb36667185n</mxc:controlfield>   <mxc:controlfield tag="008">931001s 1991        .... ....bospa     b  001 </mxc:controlfield>   <mxc:controlfield tag="009">ax  db     a       </mxc:controlfield>   <mxc:datafield tag="015" ind1=" " ind2=" ">      <mxc:subfield code="a">59401441</mxc:subfield>   </mxc:datafield>   <mxc:datafield tag="017" ind1=" " ind2=" ">      <mxc:subfield code="o">RLIN</mxc:subfield>      <mxc:subfield code="a">RLINNYPGR26292369-B</mxc:subfield>   </mxc:datafield>   <mxc:datafield tag="051" ind1=" " ind2=" ">      <mxc:subfield code="a">txt</mxc:subfield>      <mxc:subfield code="a">sti</mxc:subfield>      <mxc:subfield code="b">n</mxc:subfield>   </mxc:datafield>   <mxc:datafield tag="100" ind1=" " ind2=" ">      <mxc:subfield code="3">12343063</mxc:subfield>      <mxc:subfield code="w">.0..b.....</mxc:subfield>      <mxc:subfield code="a">Viscarra Rodríguez</mxc:subfield>      <mxc:subfield code="m">Víctor Hugo</mxc:subfield>      <mxc:subfield code="d">1933-....</mxc:subfield>      <mxc:subfield code="4">0070</mxc:subfield>   </mxc:datafield>   <mxc:datafield tag="245" ind1="1" ind2=" ">      <mxc:subfield code="a">Coba</mxc:subfield>      <mxc:subfield code="d">Texte imprimé</mxc:subfield>      <mxc:subfield code="e">lenguaje secreto del hampa boliviana</mxc:subfield>      <mxc:subfield code="f">Víctor Hugo Viscarra Rodríguez</mxc:subfield>   </mxc:datafield>   <mxc:datafield tag="260" ind1=" " ind2=" ">      <mxc:subfield code="c">Honorable Alcaldía municipal de Cochabamba</mxc:subfield>      <mxc:subfield code="d">1991</mxc:subfield>   </mxc:datafield>   <mxc:datafield tag="280" ind1=" " ind2=" ">      <mxc:subfield code="a">159 p.</mxc:subfield>      <mxc:subfield code="c">ill.</mxc:subfield>      <mxc:subfield code="d">22 cm</mxc:subfield>   </mxc:datafield>   <mxc:datafield tag="606" ind1=" " ind2=" ">      <mxc:subfield code="3">12647510</mxc:subfield>      <mxc:subfield code="a">Marginaux</mxc:subfield>      <mxc:subfield code="3">12042317</mxc:subfield>      <mxc:subfield code="x">Langage</mxc:subfield>      <mxc:subfield code="3">11943195</mxc:subfield>      <mxc:subfield code="y">Bolivie</mxc:subfield>      <mxc:subfield code="3">11965157</mxc:subfield>      <mxc:subfield code="x">Dictionnaires espagnols</mxc:subfield>   </mxc:datafield>   <mxc:datafield tag="606" ind1=" " ind2=" ">      <mxc:subfield code="3">13319092</mxc:subfield>      <mxc:subfield code="a">Criminels</mxc:subfield>      <mxc:subfield code="3">12042317</mxc:subfield>      <mxc:subfield code="x">Langage</mxc:subfield>      <mxc:subfield code="3">11943195</mxc:subfield>      <mxc:subfield code="y">Bolivie</mxc:subfield>      <mxc:subfield code="3">11965157</mxc:subfield>      <mxc:subfield code="x">Dictionnaires espagnols</mxc:subfield>   </mxc:datafield>   <mxc:datafield tag="606" ind1=" " ind2=" ">      <mxc:subfield code="3">12343053</mxc:subfield>      <mxc:subfield code="a">Coba</mxc:subfield>      <mxc:subfield code="g">argot</mxc:subfield>   </mxc:datafield>   <mxc:datafield tag="608" ind1=" " ind2=" ">      <mxc:subfield code="3">11931877</mxc:subfield>      <mxc:subfield code="a">Dictionnaires</mxc:subfield>   </mxc:datafield>   <mxc:datafield tag="615" ind1=" " ind2="6">      <mxc:subfield code="a">Spanish language -- Provincialisms -- Bolivia.</mxc:subfield>   </mxc:datafield>   <mxc:datafield tag="615" ind1=" " ind2="6">      <mxc:subfield code="a">Cant -- Dictionaries -- Spanish.</mxc:subfield>   </mxc:datafield>   <mxc:datafield tag="680" ind1="5" ind2=" ">      <mxc:subfield code="a">80 </mxc:subfield>   </mxc:datafield>   <mxc:datafield tag="917" ind1=" " ind2=" ">      <mxc:subfield code="o">OPL</mxc:subfield>      <mxc:subfield code="a">01582678X</mxc:subfield>   </mxc:datafield>   <mxc:datafield tag="918" ind1=" " ind2=" ">      <mxc:subfield code="o">OPL</mxc:subfield>      <mxc:subfield code="a">00000802</mxc:subfield>      <mxc:subfield code="b">EE9303</mxc:subfield>   </mxc:datafield>
</mxc:record>      </srw:recordData>
<srw:recordIdentifier>ark:/12148/cb36667185n</srw:recordIdentifier>
<srw:recordPosition>1</srw:recordPosition>
<srw:extraRecordData>
<ixm:attr name="CreationDate">19931004</ixm:attr>
<ixm:attr name="LastModificationDate">20191121</ixm:attr>
<mn:score>10.121892</mn:score>
</srw:extraRecordData>
</srw:record>