
<srw:record>
<srw:recordSchema>marcxchange</srw:recordSchema>
<srw:recordPacking>xml</srw:recordPacking>
<srw:recordData>
<mxc:record xmlns:mxc="info:lc/xmlns/marcxchange-v2" format="INTERMARC" id="ark:/12148/cb438917667" type="Bibliographic">   <mxc:leader>00575c04c 22000271  45i </mxc:leader>   <mxc:controlfield tag="001">FRBNF438917660000009</mxc:controlfield>   <mxc:controlfield tag="003">http://catalogue.bnf.fr/ark:/12148/cb438917667</mxc:controlfield>   <mxc:controlfield tag="008">140908s 2014                 frfre     b      </mxc:controlfield>   <mxc:controlfield tag="009">in  z     1        m  </mxc:controlfield>   <mxc:datafield tag="051" ind1=" " ind2=" ">      <mxc:subfield code="a">sti</mxc:subfield>      <mxc:subfield code="b">n</mxc:subfield>   </mxc:datafield>   <mxc:datafield tag="110" ind1=" " ind2=" ">      <mxc:subfield code="3">16911425</mxc:subfield>      <mxc:subfield code="w">20..b.....</mxc:subfield>      <mxc:subfield code="a">Maison natale de Victor Hugo</mxc:subfield>      <mxc:subfield code="c">Besançon</mxc:subfield>      <mxc:subfield code="4">0360</mxc:subfield>   </mxc:datafield>   <mxc:datafield tag="245" ind1="1" ind2=" ">      <mxc:subfield code="a">[Recueil. Cartes postales. Maison natale de Victor Hugo de Besançon]</mxc:subfield>      <mxc:subfield code="d">Image fixe</mxc:subfield>      <mxc:subfield code="e">[Carte postale]</mxc:subfield>   </mxc:datafield>   <mxc:datafield tag="260" ind1=" " ind2=" ">      <mxc:subfield code="a">Besançon</mxc:subfield>      <mxc:subfield code="c">[éditeurs divers]</mxc:subfield>      <mxc:subfield code="d">2014-</mxc:subfield>   </mxc:datafield>   <mxc:datafield tag="280" ind1=" " ind2=" ">      <mxc:subfield code="a">Doc. iconogr.</mxc:subfield>      <mxc:subfield code="c">en noir et en coul.</mxc:subfield>      <mxc:subfield code="d">formats divers</mxc:subfield>   </mxc:datafield>   <mxc:datafield tag="285" ind1=" " ind2=" ">      <mxc:subfield code="f">impression photomécanique</mxc:subfield>      <mxc:subfield code="j">offset</mxc:subfield>   </mxc:datafield>   <mxc:datafield tag="606" ind1=" " ind2=" ">      <mxc:subfield code="3">11935366</mxc:subfield>      <mxc:subfield code="a">Musées d'art</mxc:subfield>   </mxc:datafield>   <mxc:datafield tag="646" ind1=" " ind2=" ">      <mxc:subfield code="a">Carte postale</mxc:subfield>   </mxc:datafield>   <mxc:datafield tag="690" ind1=" " ind2=" ">      <mxc:subfield code="a">Pmc21Image</mxc:subfield>   </mxc:datafield>   <mxc:datafield tag="730" ind1=" " ind2=" ">      <mxc:subfield code="3">11862410</mxc:subfield>      <mxc:subfield code="w">20..b.....</mxc:subfield>      <mxc:subfield code="a">Besançon</mxc:subfield>      <mxc:subfield code="4">3250</mxc:subfield>   </mxc:datafield>
</mxc:record>      </srw:recordData>
<srw:recordIdentifier>ark:/12148/cb438917667</srw:recordIdentifier>
<srw:recordPosition>2</srw:recordPosition>
<srw:extraRecordData>
<ixm:attr name="CreationDate">20140908</ixm:attr>
<ixm:attr name="LastModificationDate">20160726</ixm:attr>
<mn:score>9.931805</mn:score>
</srw:extraRecordData>
</srw:record>