
<srw:record>
<srw:recordSchema>marcxchange</srw:recordSchema>
<srw:recordPacking>xml</srw:recordPacking>
<srw:recordData>
<mxc:record xmlns:mxc="info:lc/xmlns/marcxchange-v2" format="INTERMARC" id="ark:/12148/cb344499859" type="Bibliographic">   <mxc:leader>00770c01s 2200027  345a </mxc:leader>   <mxc:controlfield tag="001">FRBNF344499850000003</mxc:controlfield>   <mxc:controlfield tag="003">http://catalogue.bnf.fr/ark:/12148/cb344499859</mxc:controlfield>   <mxc:controlfield tag="008">920204d 19?? 199?            frfre1pq 7b      </mxc:controlfield>   <mxc:controlfield tag="009">ax x          xx   </mxc:controlfield>   <mxc:datafield tag="015" ind1=" " ind2=" ">      <mxc:subfield code="a">19201703</mxc:subfield>   </mxc:datafield>   <mxc:datafield tag="022" ind1="1" ind2=" ">      <mxc:subfield code="a">1163-8001</mxc:subfield>      <mxc:subfield code="c">1163-8001</mxc:subfield>      <mxc:subfield code="d">le n ° 20 F</mxc:subfield>   </mxc:datafield>   <mxc:datafield tag="051" ind1=" " ind2=" ">      <mxc:subfield code="a">txt</mxc:subfield>      <mxc:subfield code="b">n</mxc:subfield>   </mxc:datafield>   <mxc:datafield tag="110" ind1=" " ind2=" ">      <mxc:subfield code="3">12235268</mxc:subfield>      <mxc:subfield code="w">.0..b.....</mxc:subfield>      <mxc:subfield code="a">Ecole publique mixte Victor Hugo</mxc:subfield>      <mxc:subfield code="c">Rodez</mxc:subfield>      <mxc:subfield code="4">0070</mxc:subfield>   </mxc:datafield>   <mxc:datafield tag="222" ind1="1" ind2=" ">      <mxc:subfield code="a">La Gazette des écoliers</mxc:subfield>      <mxc:subfield code="b">Rodez</mxc:subfield>   </mxc:datafield>   <mxc:datafield tag="245" ind1="1" ind2=" ">      <mxc:subfield code="a">La Gazette des écoliers</mxc:subfield>      <mxc:subfield code="d">Texte imprimé</mxc:subfield>      <mxc:subfield code="f">Ecole publique Victor Hugo</mxc:subfield>   </mxc:datafield>   <mxc:datafield tag="255" ind1="2" ind2=" ">      <mxc:subfield code="a">N ° 1</mxc:subfield>      <mxc:subfield code="b">?</mxc:subfield>   </mxc:datafield>   <mxc:datafield tag="260" ind1=" " ind2=" ">      <mxc:subfield code="a">[Rodez]</mxc:subfield>      <mxc:subfield code="b">[17 av. Tarayre, 12000]</mxc:subfield>      <mxc:subfield code="c">Ecole publique Victor Hugo</mxc:subfield>      <mxc:subfield code="d">19??-199?</mxc:subfield>   </mxc:datafield>   <mxc:datafield tag="280" ind1=" " ind2=" ">      <mxc:subfield code="d">30 cm</mxc:subfield>   </mxc:datafield>   <mxc:datafield tag="300" ind1=" " ind2=" ">      <mxc:subfield code="a">N ° 1 déposé en janv. 1992</mxc:subfield>      <mxc:subfield code="a">Dernier n ° reçu au titre du dépôt légal : n ° 4 (1992, avr.)</mxc:subfield>   </mxc:datafield>   <mxc:datafield tag="326" ind1="1" ind2=" ">      <mxc:subfield code="a">Trimest</mxc:subfield>   </mxc:datafield>   <mxc:datafield tag="676" ind1=" " ind2=" ">      <mxc:subfield code="3">13782984</mxc:subfield>      <mxc:subfield code="i">371.805</mxc:subfield>      <mxc:subfield code="v">23</mxc:subfield>      <mxc:subfield code="a">Élèves et étudiants - Publications en série</mxc:subfield>   </mxc:datafield>   <mxc:datafield tag="676" ind1=" " ind2=" ">      <mxc:subfield code="3">13099143</mxc:subfield>      <mxc:subfield code="i">372.944 73</mxc:subfield>      <mxc:subfield code="v">23</mxc:subfield>   </mxc:datafield>   <mxc:datafield tag="680" ind1="1" ind2=" ">      <mxc:subfield code="a">373</mxc:subfield>   </mxc:datafield>   <mxc:datafield tag="690" ind1=" " ind2=" ">      <mxc:subfield code="a">CorPress</mxc:subfield>   </mxc:datafield>   <mxc:datafield tag="917" ind1=" " ind2=" ">      <mxc:subfield code="o">OPL</mxc:subfield>      <mxc:subfield code="a">013750710</mxc:subfield>   </mxc:datafield>   <mxc:datafield tag="970" ind1=" " ind2=" ">      <mxc:subfield code="l">D1</mxc:subfield>   </mxc:datafield>
</mxc:record>      </srw:recordData>
<srw:recordIdentifier>ark:/12148/cb344499859</srw:recordIdentifier>
<srw:recordPosition>6</srw:recordPosition>
<srw:extraRecordData>
<ixm:attr name="CreationDate">19920204</ixm:attr>
<ixm:attr name="LastModificationDate">20200108</ixm:attr>
<mn:score>9.758498</mn:score>
</srw:extraRecordData>
</srw:record>