
<srw:record>
<srw:recordSchema>marcxchange</srw:recordSchema>
<srw:recordPacking>xml</srw:recordPacking>
<srw:recordData>
<mxc:record xmlns:mxc="info:lc/xmlns/marcxchange-v2" format="INTERMARC" id="ark:/12148/cb34488620g" type="Bibliographic">   <mxc:leader>00602n11s 2200027  145a </mxc:leader>   <mxc:controlfield tag="001">FRBNF344886200000002</mxc:controlfield>   <mxc:controlfield tag="003">http://catalogue.bnf.fr/ark:/12148/cb34488620g</mxc:controlfield>   <mxc:controlfield tag="008">931222d 1968 1969            frfre p?xxb     1</mxc:controlfield>   <mxc:controlfield tag="009">ax x          xx   </mxc:controlfield>   <mxc:datafield tag="051" ind1=" " ind2=" ">      <mxc:subfield code="a">txt</mxc:subfield>      <mxc:subfield code="b">n</mxc:subfield>   </mxc:datafield>   <mxc:datafield tag="222" ind1="0" ind2="0">      <mxc:subfield code="a">Ecole Victor Hugo. Journal des lapereaux</mxc:subfield>   </mxc:datafield>   <mxc:datafield tag="245" ind1="1" ind2=" ">      <mxc:subfield code="a">Ecole Victor Hugo. Journal des lapereaux</mxc:subfield>      <mxc:subfield code="d">Texte imprimé</mxc:subfield>   </mxc:datafield>   <mxc:datafield tag="255" ind1="2" ind2=" ">      <mxc:subfield code="a">1968-1969 (1er trim., n° 1)</mxc:subfield>      <mxc:subfield code="b">N° de mai, 3e trim. de 1969</mxc:subfield>   </mxc:datafield>   <mxc:datafield tag="260" ind1=" " ind2=" ">      <mxc:subfield code="a">Nevers</mxc:subfield>      <mxc:subfield code="c">Ecole publique de garçons</mxc:subfield>      <mxc:subfield code="d">1968-1969</mxc:subfield>   </mxc:datafield>   <mxc:datafield tag="280" ind1=" " ind2=" ">      <mxc:subfield code="d">21 cm</mxc:subfield>   </mxc:datafield>   <mxc:datafield tag="690" ind1=" " ind2=" ">      <mxc:subfield code="a">CorPress</mxc:subfield>   </mxc:datafield>   <mxc:datafield tag="710" ind1=" " ind2=" ">      <mxc:subfield code="3">13120177</mxc:subfield>      <mxc:subfield code="w">20..b.....</mxc:subfield>      <mxc:subfield code="a">Collège Victor Hugo</mxc:subfield>      <mxc:subfield code="c">Nevers</mxc:subfield>      <mxc:subfield code="4">0070</mxc:subfield>   </mxc:datafield>   <mxc:datafield tag="917" ind1=" " ind2=" ">      <mxc:subfield code="o">OPL</mxc:subfield>      <mxc:subfield code="a">016232203</mxc:subfield>   </mxc:datafield>   <mxc:datafield tag="919" ind1=" " ind2=" ">      <mxc:subfield code="p">FR</mxc:subfield>      <mxc:subfield code="o">AIC</mxc:subfield>      <mxc:subfield code="a">00660498</mxc:subfield>   </mxc:datafield>
</mxc:record>      </srw:recordData>
<srw:recordIdentifier>ark:/12148/cb34488620g</srw:recordIdentifier>
<srw:recordPosition>7</srw:recordPosition>
<srw:extraRecordData>
<ixm:attr name="CreationDate">19931222</ixm:attr>
<ixm:attr name="LastModificationDate">20230602</ixm:attr>
<mn:score>9.75844</mn:score>
</srw:extraRecordData>
</srw:record>