
<srw:record>
<srw:recordSchema>marcxchange</srw:recordSchema>
<srw:recordPacking>xml</srw:recordPacking>
<srw:recordData>
<mxc:record xmlns:mxc="info:lc/xmlns/marcxchange-v2" format="INTERMARC" id="ark:/12148/cb413577850" type="Bibliographic">   <mxc:leader>01093c0 m 22000271  45a </mxc:leader>   <mxc:controlfield tag="001">FRBNF41357785000000X</mxc:controlfield>   <mxc:controlfield tag="003">http://catalogue.bnf.fr/ark:/12148/cb413577850</mxc:controlfield>   <mxc:controlfield tag="008">081016s 2007                 pespa     b  001 </mxc:controlfield>   <mxc:controlfield tag="009">aa                 </mxc:controlfield>   <mxc:datafield tag="020" ind1=" " ind2=" ">      <mxc:subfield code="a">978-9972-627-85-9</mxc:subfield>      <mxc:subfield code="b">br.</mxc:subfield>   </mxc:datafield>   <mxc:datafield tag="051" ind1=" " ind2=" ">      <mxc:subfield code="a">txt</mxc:subfield>      <mxc:subfield code="b">n</mxc:subfield>   </mxc:datafield>   <mxc:datafield tag="100" ind1=" " ind2=" ">      <mxc:subfield code="3">16936616</mxc:subfield>      <mxc:subfield code="1">ISNI0000000048452533</mxc:subfield>      <mxc:subfield code="w">.0..b.....</mxc:subfield>      <mxc:subfield code="a">Martel Paredes</mxc:subfield>      <mxc:subfield code="m">Victor Hugo</mxc:subfield>      <mxc:subfield code="4">0070</mxc:subfield>   </mxc:datafield>   <mxc:datafield tag="245" ind1="1" ind2=" ">      <mxc:subfield code="a">Filosofia moral</mxc:subfield>      <mxc:subfield code="d">Texte imprimé</mxc:subfield>      <mxc:subfield code="e">el debate sobre el probabilismo en el Peru (siglos XVII-XVIII)</mxc:subfield>      <mxc:subfield code="f">Victor Hugo Martel Paredes</mxc:subfield>   </mxc:datafield>   <mxc:datafield tag="260" ind1=" " ind2=" ">      <mxc:subfield code="a">Lima</mxc:subfield>      <mxc:subfield code="c">Instituto Francés de estudios andinos</mxc:subfield>      <mxc:subfield code="a">Lluvia Ed.</mxc:subfield>      <mxc:subfield code="c">Fondo editorial de la Universidad nacional mayor de San Marcos</mxc:subfield>      <mxc:subfield code="d">DL 2007</mxc:subfield>   </mxc:datafield>   <mxc:datafield tag="280" ind1=" " ind2=" ">      <mxc:subfield code="a">1 vol. (262 p.)</mxc:subfield>      <mxc:subfield code="d">16 cm</mxc:subfield>   </mxc:datafield>   <mxc:datafield tag="295" ind1="1" ind2=" ">      <mxc:subfield code="a">Colección Alasitas</mxc:subfield>   </mxc:datafield>   <mxc:datafield tag="295" ind1="1" ind2=" ">      <mxc:subfield code="a">Colección Biblioteca andina de Bolsillo</mxc:subfield>      <mxc:subfield code="v">28</mxc:subfield>   </mxc:datafield>   <mxc:datafield tag="300" ind1=" " ind2=" ">      <mxc:subfield code="a">Notes bibliogr.</mxc:subfield>   </mxc:datafield>   <mxc:datafield tag="410" ind1=" " ind2=" ">      <mxc:subfield code="3">39227605</mxc:subfield>      <mxc:subfield code="t">Colección Biblioteca andina de Bolsillo</mxc:subfield>      <mxc:subfield code="v">28</mxc:subfield>   </mxc:datafield>   <mxc:datafield tag="410" ind1=" " ind2=" ">      <mxc:subfield code="3">39227704</mxc:subfield>      <mxc:subfield code="t">Colección Alasitas</mxc:subfield>      <mxc:subfield code="d">2007</mxc:subfield>   </mxc:datafield>   <mxc:datafield tag="606" ind1=" " ind2=" ">      <mxc:subfield code="3">11978474</mxc:subfield>      <mxc:subfield code="a">Probabilisme</mxc:subfield>      <mxc:subfield code="3">11975998</mxc:subfield>      <mxc:subfield code="z">+* 1601......- 1700......+:XVIIe siècle:</mxc:subfield>   </mxc:datafield>   <mxc:datafield tag="606" ind1=" " ind2=" ">      <mxc:subfield code="3">11978474</mxc:subfield>      <mxc:subfield code="a">Probabilisme</mxc:subfield>      <mxc:subfield code="3">11976032</mxc:subfield>      <mxc:subfield code="z">+* 1701......- 1800......+:XVIIIe siècle:</mxc:subfield>   </mxc:datafield>   <mxc:datafield tag="606" ind1=" " ind2=" ">      <mxc:subfield code="3">11936842</mxc:subfield>      <mxc:subfield code="a">Philosophie</mxc:subfield>      <mxc:subfield code="3">11933556</mxc:subfield>      <mxc:subfield code="y">Pérou</mxc:subfield>      <mxc:subfield code="3">11975998</mxc:subfield>      <mxc:subfield code="z">+* 1601......- 1700......+:XVIIe siècle:</mxc:subfield>   </mxc:datafield>   <mxc:datafield tag="606" ind1=" " ind2=" ">      <mxc:subfield code="3">11936842</mxc:subfield>      <mxc:subfield code="a">Philosophie</mxc:subfield>      <mxc:subfield code="3">11933556</mxc:subfield>      <mxc:subfield code="y">Pérou</mxc:subfield>      <mxc:subfield code="3">11976032</mxc:subfield>      <mxc:subfield code="z">+* 1701......- 1800......+:XVIIIe siècle:</mxc:subfield>   </mxc:datafield>
</mxc:record>      </srw:recordData>
<srw:recordIdentifier>ark:/12148/cb413577850</srw:recordIdentifier>
<srw:recordPosition>10</srw:recordPosition>
<srw:extraRecordData>
<ixm:attr name="CreationDate">20081016</ixm:attr>
<ixm:attr name="LastModificationDate">20150720</ixm:attr>
<mn:score>9.728686</mn:score>
</srw:extraRecordData>
</srw:record>