
<srw:record>
<srw:recordSchema>marcxchange</srw:recordSchema>
<srw:recordPacking>xml</srw:recordPacking>
<srw:recordData>
<mxc:record xmlns:mxc="info:lc/xmlns/marcxchange-v2" format="INTERMARC" id="ark:/12148/cb44316476j" type="Bibliographic">   <mxc:leader>00988c0 m 22000271  45a </mxc:leader>   <mxc:controlfield tag="001">FRBNF443164760000000</mxc:controlfield>   <mxc:controlfield tag="003">http://catalogue.bnf.fr/ark:/12148/cb44316476j</mxc:controlfield>   <mxc:controlfield tag="008">170317s 2014                 vespa     b  001 </mxc:controlfield>   <mxc:controlfield tag="009">a zd       z    z  </mxc:controlfield>   <mxc:datafield tag="017" ind1=" " ind2=" ">      <mxc:subfield code="o">OCoLC</mxc:subfield>      <mxc:subfield code="a">903921348</mxc:subfield>      <mxc:subfield code="k">EYM</mxc:subfield>      <mxc:subfield code="l">eng</mxc:subfield>      <mxc:subfield code="m">OCLCO</mxc:subfield>      <mxc:subfield code="m">FXG</mxc:subfield>      <mxc:subfield code="m">DLC</mxc:subfield>      <mxc:subfield code="m">IXA</mxc:subfield>      <mxc:subfield code="n">rda</mxc:subfield>   </mxc:datafield>   <mxc:datafield tag="020" ind1=" " ind2=" ">      <mxc:subfield code="a">9789801275145</mxc:subfield>      <mxc:subfield code="a">9801275146</mxc:subfield>   </mxc:datafield>   <mxc:datafield tag="051" ind1=" " ind2=" ">      <mxc:subfield code="a">txt</mxc:subfield>      <mxc:subfield code="b">n</mxc:subfield>   </mxc:datafield>   <mxc:datafield tag="100" ind1=" " ind2=" ">      <mxc:subfield code="3">17114976</mxc:subfield>      <mxc:subfield code="1">ISNI0000000037467238</mxc:subfield>      <mxc:subfield code="w">.0..b.....</mxc:subfield>      <mxc:subfield code="a">D'Paola</mxc:subfield>      <mxc:subfield code="m">Víctor Hugo</mxc:subfield>      <mxc:subfield code="d">1930-2017</mxc:subfield>      <mxc:subfield code="4">0070</mxc:subfield>   </mxc:datafield>   <mxc:datafield tag="245" ind1="1" ind2=" ">      <mxc:subfield code="a">Una vida en la izquierda</mxc:subfield>      <mxc:subfield code="d">Texte imprimé</mxc:subfield>      <mxc:subfield code="e">memorias políticas</mxc:subfield>      <mxc:subfield code="f">Víctor Hugo D'Paola</mxc:subfield>   </mxc:datafield>   <mxc:datafield tag="260" ind1=" " ind2=" ">      <mxc:subfield code="a">Caracas</mxc:subfield>      <mxc:subfield code="c">[s. n.]</mxc:subfield>      <mxc:subfield code="d">2014</mxc:subfield>   </mxc:datafield>   <mxc:datafield tag="280" ind1=" " ind2=" ">      <mxc:subfield code="a">158 pages</mxc:subfield>      <mxc:subfield code="d">22 cm</mxc:subfield>   </mxc:datafield>   <mxc:datafield tag="600" ind1=" " ind2=" ">      <mxc:subfield code="3">17114976</mxc:subfield>      <mxc:subfield code="a">D'Paola</mxc:subfield>      <mxc:subfield code="m">Víctor Hugo</mxc:subfield>      <mxc:subfield code="d">1930-2017</mxc:subfield>   </mxc:datafield>   <mxc:datafield tag="606" ind1=" " ind2=" ">      <mxc:subfield code="3">11934200</mxc:subfield>      <mxc:subfield code="a">Partis de gauche</mxc:subfield>      <mxc:subfield code="3">11945737</mxc:subfield>      <mxc:subfield code="y">Venezuela</mxc:subfield>      <mxc:subfield code="3">11975995</mxc:subfield>      <mxc:subfield code="z">+* 1901......- 2000......+:XXe siècle:</mxc:subfield>   </mxc:datafield>   <mxc:datafield tag="606" ind1=" " ind2=" ">      <mxc:subfield code="3">12061810</mxc:subfield>      <mxc:subfield code="a">Politique et gouvernement</mxc:subfield>      <mxc:subfield code="y">Venezuela</mxc:subfield>      <mxc:subfield code="z">+* 1935......- 9900......+:1935-....:</mxc:subfield>   </mxc:datafield>   <mxc:datafield tag="610" ind1=" " ind2=" ">      <mxc:subfield code="3">12004451</mxc:subfield>      <mxc:subfield code="a">Movimiento al socialismo</mxc:subfield>      <mxc:subfield code="c">Venezuela</mxc:subfield>   </mxc:datafield>   <mxc:datafield tag="615" ind1=" " ind2="1">      <mxc:subfield code="a">Movimiento al Socialismo (Venezuela)</mxc:subfield>      <mxc:subfield code="2">lcsh</mxc:subfield>   </mxc:datafield>   <mxc:datafield tag="615" ind1=" " ind2="6">      <mxc:subfield code="a">Politicians -- Venezuela -- Biography</mxc:subfield>      <mxc:subfield code="2">lcsh</mxc:subfield>   </mxc:datafield>   <mxc:datafield tag="615" ind1=" " ind2="6">      <mxc:subfield code="a">Right and left (Political science) -- Venezuela</mxc:subfield>      <mxc:subfield code="2">lcsh</mxc:subfield>   </mxc:datafield>   <mxc:datafield tag="615" ind1=" " ind2="7">      <mxc:subfield code="a">Venezuela -- Politics and government -- 1974-1999</mxc:subfield>      <mxc:subfield code="2">lcsh</mxc:subfield>   </mxc:datafield>
</mxc:record>      </srw:recordData>
<srw:recordIdentifier>ark:/12148/cb44316476j</srw:recordIdentifier>
<srw:recordPosition>13</srw:recordPosition>
<srw:extraRecordData>
<ixm:attr name="CreationDate">20150418</ixm:attr>
<ixm:attr name="LastModificationDate">20190523</ixm:attr>
<mn:score>9.6721735</mn:score>
</srw:extraRecordData>
</srw:record>