
<srw:record>
<srw:recordSchema>marcxchange</srw:recordSchema>
<srw:recordPacking>xml</srw:recordPacking>
<srw:recordData>
<mxc:record xmlns:mxc="info:lc/xmlns/marcxchange-v2" format="INTERMARC" id="ark:/12148/cb392369204" type="Bibliographic">   <mxc:leader>00482c0 m 22000271  45a </mxc:leader>   <mxc:controlfield tag="001">FRBNF392369200000005</mxc:controlfield>   <mxc:controlfield tag="003">http://catalogue.bnf.fr/ark:/12148/cb392369204</mxc:controlfield>   <mxc:controlfield tag="008">040914s 2002                 mxspa     b  001 </mxc:controlfield>   <mxc:controlfield tag="009">a                  </mxc:controlfield>   <mxc:datafield tag="020" ind1=" " ind2=" ">      <mxc:subfield code="a">968-6773-71-1</mxc:subfield>      <mxc:subfield code="b">Arte y escena ed.</mxc:subfield>      <mxc:subfield code="a">970-18-8295-4</mxc:subfield>      <mxc:subfield code="b">Conaculta</mxc:subfield>      <mxc:subfield code="b">br.</mxc:subfield>   </mxc:datafield>   <mxc:datafield tag="051" ind1=" " ind2=" ">      <mxc:subfield code="a">txt</mxc:subfield>      <mxc:subfield code="b">n</mxc:subfield>   </mxc:datafield>   <mxc:datafield tag="100" ind1=" " ind2=" ">      <mxc:subfield code="3">15042936</mxc:subfield>      <mxc:subfield code="1">ISNI0000000080054543</mxc:subfield>      <mxc:subfield code="w">.0..b.....</mxc:subfield>      <mxc:subfield code="a">Rascón Banda</mxc:subfield>      <mxc:subfield code="m">Víctor Hugo</mxc:subfield>      <mxc:subfield code="d">1948-....</mxc:subfield>      <mxc:subfield code="4">0070</mxc:subfield>   </mxc:datafield>   <mxc:datafield tag="245" ind1="1" ind2=" ">      <mxc:subfield code="a">Los ejecutivos</mxc:subfield>      <mxc:subfield code="d">Texte imprimé</mxc:subfield>      <mxc:subfield code="f">Víctor Hugo Rascón Banda</mxc:subfield>   </mxc:datafield>   <mxc:datafield tag="260" ind1=" " ind2=" ">      <mxc:subfield code="a">México</mxc:subfield>      <mxc:subfield code="c">Ed. el Milagro</mxc:subfield>      <mxc:subfield code="d">2002</mxc:subfield>   </mxc:datafield>   <mxc:datafield tag="280" ind1=" " ind2=" ">      <mxc:subfield code="a">1 vol. (111 p.)</mxc:subfield>      <mxc:subfield code="d">17 cm</mxc:subfield>   </mxc:datafield>   <mxc:datafield tag="295" ind1="1" ind2=" ">      <mxc:subfield code="a">La Centena</mxc:subfield>      <mxc:subfield code="i">Teatro</mxc:subfield>   </mxc:datafield>   <mxc:datafield tag="410" ind1=" " ind2=" ">      <mxc:subfield code="3">40208546</mxc:subfield>      <mxc:subfield code="t">La Centena. Teatro</mxc:subfield>      <mxc:subfield code="d">2002</mxc:subfield>   </mxc:datafield>
</mxc:record>      </srw:recordData>
<srw:recordIdentifier>ark:/12148/cb392369204</srw:recordIdentifier>
<srw:recordPosition>16</srw:recordPosition>
<srw:extraRecordData>
<ixm:attr name="CreationDate">20040914</ixm:attr>
<ixm:attr name="LastModificationDate">20060807</ixm:attr>
<mn:score>9.617753</mn:score>
</srw:extraRecordData>
</srw:record>