
<srw:record>
<srw:recordSchema>marcxchange</srw:recordSchema>
<srw:recordPacking>xml</srw:recordPacking>
<srw:recordData>
<mxc:record xmlns:mxc="info:lc/xmlns/marcxchange-v2" format="INTERMARC" id="ark:/12148/cb387844879" type="Bibliographic">   <mxc:leader>00561n6 m 22000271h 45a </mxc:leader>   <mxc:controlfield tag="001">FRBNF387844870000008</mxc:controlfield>   <mxc:controlfield tag="003">http://catalogue.bnf.fr/ark:/12148/cb387844879</mxc:controlfield>   <mxc:controlfield tag="008">050210s 1928                 useng     b x    </mxc:controlfield>   <mxc:controlfield tag="009">a                  </mxc:controlfield>   <mxc:datafield tag="051" ind1=" " ind2=" ">      <mxc:subfield code="a">txt</mxc:subfield>      <mxc:subfield code="b">n</mxc:subfield>   </mxc:datafield>   <mxc:datafield tag="100" ind1=" " ind2=" ">      <mxc:subfield code="3">14380255</mxc:subfield>      <mxc:subfield code="a">Paltsits</mxc:subfield>      <mxc:subfield code="m">Victor Hugo</mxc:subfield>      <mxc:subfield code="4">0070</mxc:subfield>   </mxc:datafield>   <mxc:datafield tag="245" ind1="1" ind2=" ">      <mxc:subfield code="a">"Grace Dieu" or "The pilgrimage of the soul"</mxc:subfield>      <mxc:subfield code="d">Texte imprimé</mxc:subfield>      <mxc:subfield code="e">an English illuminated manuscript of the fifteenth century</mxc:subfield>      <mxc:subfield code="f">Victor Hugo Paltsits</mxc:subfield>      <mxc:subfield code="g">by Victor Hugo Psaltsits</mxc:subfield>   </mxc:datafield>   <mxc:datafield tag="260" ind1=" " ind2=" ">      <mxc:subfield code="a">New-York</mxc:subfield>      <mxc:subfield code="c">The New-York Public Library</mxc:subfield>      <mxc:subfield code="d">1928</mxc:subfield>   </mxc:datafield>   <mxc:datafield tag="280" ind1=" " ind2=" ">      <mxc:subfield code="a">10 p. - [4] p. de pl.</mxc:subfield>      <mxc:subfield code="c">ill.</mxc:subfield>      <mxc:subfield code="d">26 cm</mxc:subfield>   </mxc:datafield>   <mxc:datafield tag="300" ind1=" " ind2=" ">      <mxc:subfield code="a">Extr. de : "Bulletin of the New-York Public Library" of November, 1928</mxc:subfield>   </mxc:datafield>   <mxc:datafield tag="917" ind1=" " ind2=" ">      <mxc:subfield code="o">MSS</mxc:subfield>      <mxc:subfield code="a">LT062001370001P  </mxc:subfield>   </mxc:datafield>
</mxc:record>      </srw:recordData>
<srw:recordIdentifier>ark:/12148/cb387844879</srw:recordIdentifier>
<srw:recordPosition>17</srw:recordPosition>
<srw:extraRecordData>
<ixm:attr name="CreationDate">20050209</ixm:attr>
<ixm:attr name="LastModificationDate">20050209</ixm:attr>
<mn:score>9.611029</mn:score>
</srw:extraRecordData>
</srw:record>