
<srw:record>
<srw:recordSchema>marcxchange</srw:recordSchema>
<srw:recordPacking>xml</srw:recordPacking>
<srw:recordData>
<mxc:record xmlns:mxc="info:lc/xmlns/marcxchange-v2" format="INTERMARC" id="ark:/12148/cb30625008s" type="Bibliographic">   <mxc:leader>00552c6 m 22000271h 45a </mxc:leader>   <mxc:controlfield tag="001">FRBNF306250080000008</mxc:controlfield>   <mxc:controlfield tag="003">http://catalogue.bnf.fr/ark:/12148/cb30625008s</mxc:controlfield>   <mxc:controlfield tag="008">970701s 1857                 frfre     b      </mxc:controlfield>   <mxc:controlfield tag="009">a                  </mxc:controlfield>   <mxc:datafield tag="051" ind1=" " ind2=" ">      <mxc:subfield code="a">txt</mxc:subfield>      <mxc:subfield code="b">n</mxc:subfield>   </mxc:datafield>   <mxc:datafield tag="100" ind1=" " ind2=" ">      <mxc:subfield code="3">11907962</mxc:subfield>      <mxc:subfield code="1">ISNI0000000109287632</mxc:subfield>      <mxc:subfield code="w"> 0  b.....</mxc:subfield>      <mxc:subfield code="a">Hugo</mxc:subfield>      <mxc:subfield code="m">François-Victor</mxc:subfield>      <mxc:subfield code="d">1828-1873</mxc:subfield>      <mxc:subfield code="4">0070</mxc:subfield>   </mxc:datafield>   <mxc:datafield tag="245" ind1="1" ind2=" ">      <mxc:subfield code="a">La Normandie inconnue</mxc:subfield>      <mxc:subfield code="d">Texte imprimé</mxc:subfield>      <mxc:subfield code="f">par François-Victor Hugo</mxc:subfield>   </mxc:datafield>   <mxc:datafield tag="260" ind1=" " ind2=" ">      <mxc:subfield code="a">Paris</mxc:subfield>      <mxc:subfield code="c">Pagnerre</mxc:subfield>      <mxc:subfield code="d">1857</mxc:subfield>   </mxc:datafield>   <mxc:datafield tag="280" ind1=" " ind2=" ">      <mxc:subfield code="a">354 p.</mxc:subfield>      <mxc:subfield code="d">in-8°</mxc:subfield>   </mxc:datafield>   <mxc:datafield tag="300" ind1=" " ind2=" ">      <mxc:subfield code="a">La couverture imprimée porte : "Collection d'autres contemporains"</mxc:subfield>   </mxc:datafield>   <mxc:datafield tag="619" ind1=" " ind2="7">      <mxc:subfield code="a">Normandie</mxc:subfield>      <mxc:subfield code="g">France</mxc:subfield>      <mxc:subfield code="z">HL</mxc:subfield>   </mxc:datafield>   <mxc:datafield tag="690" ind1=" " ind2=" ">      <mxc:subfield code="a">FichUnif</mxc:subfield>   </mxc:datafield>   <mxc:datafield tag="917" ind1=" " ind2=" ">      <mxc:subfield code="o">CRI</mxc:subfield>      <mxc:subfield code="a">CG007406430201P</mxc:subfield>   </mxc:datafield>   <mxc:datafield tag="998" ind1=" " ind2=" ">      <mxc:subfield code="o">OPP</mxc:subfield>      <mxc:subfield code="a">363384719</mxc:subfield>   </mxc:datafield>   <mxc:datafield tag="998" ind1=" " ind2=" ">      <mxc:subfield code="o">CRI</mxc:subfield>      <mxc:subfield code="a">HL080067120000O</mxc:subfield>   </mxc:datafield>   <mxc:datafield tag="998" ind1=" " ind2=" ">      <mxc:subfield code="o">ARS</mxc:subfield>      <mxc:subfield code="a">FU264008340001</mxc:subfield>   </mxc:datafield>
</mxc:record>      </srw:recordData>
<srw:recordIdentifier>ark:/12148/cb30625008s</srw:recordIdentifier>
<srw:recordPosition>19</srw:recordPosition>
<srw:extraRecordData>
<ixm:attr name="CreationDate">19970701</ixm:attr>
<ixm:attr name="LastModificationDate">20100923</ixm:attr>
<mn:score>9.589926</mn:score>
</srw:extraRecordData>
</srw:record>