
<srw:record>
<srw:recordSchema>marcxchange</srw:recordSchema>
<srw:recordPacking>xml</srw:recordPacking>
<srw:recordData>
<mxc:record xmlns:mxc="info:lc/xmlns/marcxchange-v2" format="INTERMARC" id="ark:/12148/cb32724935c" type="Bibliographic">   <mxc:leader>00938c01s 2200027  345a </mxc:leader>   <mxc:controlfield tag="001">FRBNF327249350000006</mxc:controlfield>   <mxc:controlfield tag="003">http://catalogue.bnf.fr/ark:/12148/cb32724935c</mxc:controlfield>   <mxc:controlfield tag="008">970701d 1909 1916            frfre p? 7b      </mxc:controlfield>   <mxc:controlfield tag="009">a                  </mxc:controlfield>   <mxc:datafield tag="022" ind1="1" ind2=" ">      <mxc:subfield code="a">2555-4824</mxc:subfield>      <mxc:subfield code="c">2555-4824</mxc:subfield>   </mxc:datafield>   <mxc:datafield tag="051" ind1=" " ind2=" ">      <mxc:subfield code="a">txt</mxc:subfield>      <mxc:subfield code="b">n</mxc:subfield>   </mxc:datafield>   <mxc:datafield tag="222" ind1="0" ind2=" ">      <mxc:subfield code="a">Bulletin de la Société Victor Hugo</mxc:subfield>   </mxc:datafield>   <mxc:datafield tag="245" ind1="1" ind2=" ">      <mxc:subfield code="a">Bulletin de la Société Victor Hugo</mxc:subfield>      <mxc:subfield code="d">Texte imprimé</mxc:subfield>      <mxc:subfield code="e">association littéraire</mxc:subfield>   </mxc:datafield>   <mxc:datafield tag="255" ind1="2" ind2=" ">      <mxc:subfield code="a">4e année, n° 11 (décembre 1909)</mxc:subfield>      <mxc:subfield code="b">11e année, n° 21/22 (juillet 1916)</mxc:subfield>   </mxc:datafield>   <mxc:datafield tag="260" ind1=" " ind2=" ">      <mxc:subfield code="a">Paris</mxc:subfield>      <mxc:subfield code="b">59 rue de Châteaudun</mxc:subfield>      <mxc:subfield code="c">[s.n.]</mxc:subfield>      <mxc:subfield code="d">1909-1916</mxc:subfield>   </mxc:datafield>   <mxc:datafield tag="280" ind1=" " ind2=" ">      <mxc:subfield code="d">In-fol</mxc:subfield>   </mxc:datafield>   <mxc:datafield tag="300" ind1=" " ind2=" ">      <mxc:subfield code="a">Le n° 21/22 est contenu dans : "Société Victor Hugo. Les fêtes de Victor Hugo à Guernesey"</mxc:subfield>   </mxc:datafield>   <mxc:datafield tag="376" ind1=" " ind2=" ">      <mxc:subfield code="k">77630</mxc:subfield>      <mxc:subfield code="t">Bulletin de la Société Victor Hugo (Reproduction numérique)</mxc:subfield>      <mxc:subfield code="x">2547-0582</mxc:subfield>      <mxc:subfield code="u">https://gallica.bnf.fr/ark:/12148/cb32724935c</mxc:subfield>      <mxc:subfield code="a">Bibliothèque nationale de France</mxc:subfield>   </mxc:datafield>   <mxc:datafield tag="676" ind1=" " ind2=" ">      <mxc:subfield code="3">13639227</mxc:subfield>      <mxc:subfield code="i">809</mxc:subfield>      <mxc:subfield code="v">23</mxc:subfield>   </mxc:datafield>   <mxc:datafield tag="676" ind1=" " ind2=" ">      <mxc:subfield code="3">13585265</mxc:subfield>      <mxc:subfield code="i">306.094 4</mxc:subfield>      <mxc:subfield code="v">23</mxc:subfield>   </mxc:datafield>   <mxc:datafield tag="680" ind1="6" ind2=" ">      <mxc:subfield code="a">840</mxc:subfield>      <mxc:subfield code="d">840</mxc:subfield>   </mxc:datafield>   <mxc:datafield tag="710" ind1=" " ind2=" ">      <mxc:subfield code="3">11380254</mxc:subfield>      <mxc:subfield code="w">20..b.....</mxc:subfield>      <mxc:subfield code="a">Société Victor Hugo</mxc:subfield>      <mxc:subfield code="4">0070</mxc:subfield>   </mxc:datafield>   <mxc:datafield tag="780" ind1=" " ind2="0">      <mxc:subfield code="3">32726196</mxc:subfield>      <mxc:subfield code="t">Bulletin des Hugophiles</mxc:subfield>   </mxc:datafield>   <mxc:datafield tag="790" ind1=" " ind2=" ">      <mxc:subfield code="3">32726195</mxc:subfield>      <mxc:subfield code="t">*Bulletin des Hugophiles...</mxc:subfield>   </mxc:datafield>   <mxc:datafield tag="917" ind1=" " ind2=" ">      <mxc:subfield code="o">CRI</mxc:subfield>      <mxc:subfield code="a">PR008702610001J</mxc:subfield>   </mxc:datafield>
</mxc:record>      </srw:recordData>
<srw:recordIdentifier>ark:/12148/cb32724935c</srw:recordIdentifier>
<srw:recordPosition>21</srw:recordPosition>
<srw:extraRecordData>
<ixm:attr name="CreationDate">19970701</ixm:attr>
<ixm:attr name="LastModificationDate">20171121</ixm:attr>
<mn:score>9.576054</mn:score>
</srw:extraRecordData>
</srw:record>