
<srw:record>
<srw:recordSchema>marcxchange</srw:recordSchema>
<srw:recordPacking>xml</srw:recordPacking>
<srw:recordData>
<mxc:record xmlns:mxc="info:lc/xmlns/marcxchange-v2" format="INTERMARC" id="ark:/12148/cb40046358w" type="Bibliographic">   <mxc:leader>00625n0 m 22000271  45a </mxc:leader>   <mxc:controlfield tag="001">FRBNF400463580000002</mxc:controlfield>   <mxc:controlfield tag="003">http://catalogue.bnf.fr/ark:/12148/cb40046358w</mxc:controlfield>   <mxc:controlfield tag="008">051005s 1998                 brpor     b  001 </mxc:controlfield>   <mxc:controlfield tag="009">a                  </mxc:controlfield>   <mxc:datafield tag="020" ind1=" " ind2=" ">      <mxc:subfield code="a">85-225-0241-2</mxc:subfield>      <mxc:subfield code="b">br.</mxc:subfield>   </mxc:datafield>   <mxc:datafield tag="051" ind1=" " ind2=" ">      <mxc:subfield code="a">txt</mxc:subfield>      <mxc:subfield code="b">n</mxc:subfield>   </mxc:datafield>   <mxc:datafield tag="100" ind1=" " ind2=" ">      <mxc:subfield code="3">15009905</mxc:subfield>      <mxc:subfield code="1">ISNI000000004213397X</mxc:subfield>      <mxc:subfield code="w">.0..b.....</mxc:subfield>      <mxc:subfield code="a">Pereira</mxc:subfield>      <mxc:subfield code="m">Victor Hugo Adler</mxc:subfield>      <mxc:subfield code="4">0070</mxc:subfield>   </mxc:datafield>   <mxc:datafield tag="245" ind1="1" ind2=" ">      <mxc:subfield code="a">A musa carrancuda</mxc:subfield>      <mxc:subfield code="d">Texte imprimé</mxc:subfield>      <mxc:subfield code="f">teatro e poder no Estado Novo</mxc:subfield>      <mxc:subfield code="f">Victor Hugo Adler Pereira</mxc:subfield>   </mxc:datafield>   <mxc:datafield tag="260" ind1=" " ind2=" ">      <mxc:subfield code="a">Rio de Janeiro</mxc:subfield>      <mxc:subfield code="c">Fundação Getulio Vargas</mxc:subfield>      <mxc:subfield code="d">1998</mxc:subfield>   </mxc:datafield>   <mxc:datafield tag="280" ind1=" " ind2=" ">      <mxc:subfield code="a">219 p.-[10] f. de pl.</mxc:subfield>      <mxc:subfield code="d">23 cm</mxc:subfield>   </mxc:datafield>   <mxc:datafield tag="300" ind1=" " ind2=" ">      <mxc:subfield code="a">Réf. bibliogr.</mxc:subfield>   </mxc:datafield>   <mxc:datafield tag="600" ind1=" " ind2=" ">      <mxc:subfield code="3">11887399</mxc:subfield>      <mxc:subfield code="a">Rodrigues</mxc:subfield>      <mxc:subfield code="m">Nelson</mxc:subfield>      <mxc:subfield code="d">1912-1980</mxc:subfield>      <mxc:subfield code="3">12042895</mxc:subfield>      <mxc:subfield code="x">Critique et interprétation</mxc:subfield>   </mxc:datafield>   <mxc:datafield tag="606" ind1=" " ind2=" ">      <mxc:subfield code="3">12022497</mxc:subfield>      <mxc:subfield code="a">Théâtre</mxc:subfield>      <mxc:subfield code="g">genre littéraire</mxc:subfield>      <mxc:subfield code="s">brésilien</mxc:subfield>      <mxc:subfield code="3">11975995</mxc:subfield>      <mxc:subfield code="z">+* 1901......- 2000......+:XXe siècle:</mxc:subfield>   </mxc:datafield>
</mxc:record>      </srw:recordData>
<srw:recordIdentifier>ark:/12148/cb40046358w</srw:recordIdentifier>
<srw:recordPosition>22</srw:recordPosition>
<srw:extraRecordData>
<ixm:attr name="CreationDate">20051005</ixm:attr>
<ixm:attr name="LastModificationDate">20191031</ixm:attr>
<mn:score>9.560353</mn:score>
</srw:extraRecordData>
</srw:record>