
<srw:record>
<srw:recordSchema>marcxchange</srw:recordSchema>
<srw:recordPacking>xml</srw:recordPacking>
<srw:recordData>
<mxc:record xmlns:mxc="info:lc/xmlns/marcxchange-v2" format="INTERMARC" id="ark:/12148/cb34774792z" type="Bibliographic">   <mxc:leader>01230c5 m 2200027   45a </mxc:leader>   <mxc:controlfield tag="001">FRBNF347747920000003</mxc:controlfield>   <mxc:controlfield tag="003">http://catalogue.bnf.fr/ark:/12148/cb34774792z</mxc:controlfield>   <mxc:controlfield tag="008">840420s 1985        .... ....frfre1    b  001 </mxc:controlfield>   <mxc:controlfield tag="009">ax d       a       </mxc:controlfield>   <mxc:datafield tag="015" ind1=" " ind2=" ">      <mxc:subfield code="a">08517449</mxc:subfield>   </mxc:datafield>   <mxc:datafield tag="020" ind1=" " ind2=" ">      <mxc:subfield code="a">2-901780-00-8</mxc:subfield>      <mxc:subfield code="b">br.</mxc:subfield>      <mxc:subfield code="d">60 F</mxc:subfield>   </mxc:datafield>   <mxc:datafield tag="051" ind1=" " ind2=" ">      <mxc:subfield code="a">txt</mxc:subfield>      <mxc:subfield code="a">sti</mxc:subfield>      <mxc:subfield code="b">n</mxc:subfield>   </mxc:datafield>   <mxc:datafield tag="143" ind1=" " ind2=" ">      <mxc:subfield code="a">Exposition</mxc:subfield>      <mxc:subfield code="m">Paris</mxc:subfield>      <mxc:subfield code="n">Maison de Victor Hugo</mxc:subfield>      <mxc:subfield code="j">1985</mxc:subfield>   </mxc:datafield>   <mxc:datafield tag="245" ind1="1" ind2=" ">      <mxc:subfield code="a">Le Rhin</mxc:subfield>      <mxc:subfield code="d">Texte imprimé</mxc:subfield>      <mxc:subfield code="e">le voyage de Victor Hugo en 1840</mxc:subfield>      <mxc:subfield code="e">[exposition], Maison de Victor Hugo, 25 mars-29 juin 1985, Ville de Paris</mxc:subfield>   </mxc:datafield>   <mxc:datafield tag="260" ind1=" " ind2=" ">      <mxc:subfield code="a">Paris</mxc:subfield>      <mxc:subfield code="c">Maison de Victor Hugo</mxc:subfield>      <mxc:subfield code="d">1985</mxc:subfield>   </mxc:datafield>   <mxc:datafield tag="270" ind1=" " ind2=" ">      <mxc:subfield code="a">61-Alençon</mxc:subfield>      <mxc:subfield code="c">Impr. alençonnaise</mxc:subfield>   </mxc:datafield>   <mxc:datafield tag="280" ind1=" " ind2=" ">      <mxc:subfield code="a">168 p.</mxc:subfield>      <mxc:subfield code="c">ill. en noir et en coul., couv. ill. en coul.</mxc:subfield>      <mxc:subfield code="d">24 cm</mxc:subfield>   </mxc:datafield>   <mxc:datafield tag="300" ind1=" " ind2=" ">      <mxc:subfield code="a">Bibliogr. p. 8</mxc:subfield>   </mxc:datafield>   <mxc:datafield tag="600" ind1=" " ind2=" ">      <mxc:subfield code="3">11907966</mxc:subfield>      <mxc:subfield code="a">Hugo</mxc:subfield>      <mxc:subfield code="m">Victor</mxc:subfield>      <mxc:subfield code="d">1802-1885</mxc:subfield>      <mxc:subfield code="3">11936223</mxc:subfield>      <mxc:subfield code="x">Dessin</mxc:subfield>   </mxc:datafield>   <mxc:datafield tag="600" ind1=" " ind2=" ">      <mxc:subfield code="3">11907966</mxc:subfield>      <mxc:subfield code="a">Hugo</mxc:subfield>      <mxc:subfield code="m">Victor</mxc:subfield>      <mxc:subfield code="d">1802-1885</mxc:subfield>      <mxc:subfield code="3">12653273</mxc:subfield>      <mxc:subfield code="x">Voyages</mxc:subfield>      <mxc:subfield code="3">11932770</mxc:subfield>      <mxc:subfield code="y">Rhin</mxc:subfield>      <mxc:subfield code="o">Vallée du</mxc:subfield>      <mxc:subfield code="g">Allemagne</mxc:subfield>   </mxc:datafield>   <mxc:datafield tag="600" ind1=" " ind2=" ">      <mxc:subfield code="3">11907966</mxc:subfield>      <mxc:subfield code="a">Hugo</mxc:subfield>      <mxc:subfield code="m">Victor</mxc:subfield>      <mxc:subfield code="d">1802-1885</mxc:subfield>      <mxc:subfield code="3">11975676</mxc:subfield>      <mxc:subfield code="x">Thèmes, motifs</mxc:subfield>   </mxc:datafield>   <mxc:datafield tag="607" ind1=" " ind2=" ">      <mxc:subfield code="3">11932770</mxc:subfield>      <mxc:subfield code="a">Rhin</mxc:subfield>      <mxc:subfield code="o">Vallée du</mxc:subfield>      <mxc:subfield code="g">Allemagne</mxc:subfield>      <mxc:subfield code="3">11989609</mxc:subfield>      <mxc:subfield code="x">Dans l'art</mxc:subfield>   </mxc:datafield>   <mxc:datafield tag="608" ind1=" " ind2=" ">      <mxc:subfield code="3">11938837</mxc:subfield>      <mxc:subfield code="a">Catalogues d'exposition</mxc:subfield>   </mxc:datafield>   <mxc:datafield tag="680" ind1="0" ind2=" ">      <mxc:subfield code="a">70 </mxc:subfield>   </mxc:datafield>   <mxc:datafield tag="690" ind1=" " ind2=" ">      <mxc:subfield code="a">FichUnif</mxc:subfield>   </mxc:datafield>   <mxc:datafield tag="710" ind1=" " ind2=" ">      <mxc:subfield code="3">11877193</mxc:subfield>      <mxc:subfield code="1">ISNI000000012108407X</mxc:subfield>      <mxc:subfield code="w">20..b.....</mxc:subfield>      <mxc:subfield code="a">Maison de Victor Hugo</mxc:subfield>      <mxc:subfield code="c">Paris</mxc:subfield>      <mxc:subfield code="4">0070</mxc:subfield>   </mxc:datafield>   <mxc:datafield tag="743" ind1=" " ind2=" ">      <mxc:subfield code="a">Exposition</mxc:subfield>      <mxc:subfield code="e">Hugo</mxc:subfield>      <mxc:subfield code="f">Victor</mxc:subfield>      <mxc:subfield code="j">1985</mxc:subfield>   </mxc:datafield>   <mxc:datafield tag="917" ind1=" " ind2=" ">      <mxc:subfield code="o">OPL</mxc:subfield>      <mxc:subfield code="a">002611022</mxc:subfield>   </mxc:datafield>   <mxc:datafield tag="919" ind1=" " ind2=" ">      <mxc:subfield code="p">FR</mxc:subfield>      <mxc:subfield code="o">BGF</mxc:subfield>      <mxc:subfield code="a">08517449</mxc:subfield>   </mxc:datafield>   <mxc:datafield tag="990" ind1=" " ind2=" ">      <mxc:subfield code="b">DEC</mxc:subfield>      <mxc:subfield code="c">Voir 710</mxc:subfield>      <mxc:subfield code="e">ARS-FU</mxc:subfield>   </mxc:datafield>   <mxc:datafield tag="998" ind1=" " ind2=" ">      <mxc:subfield code="o">MSS</mxc:subfield>      <mxc:subfield code="a">LT032005000001   </mxc:subfield>   </mxc:datafield>   <mxc:datafield tag="998" ind1=" " ind2=" ">      <mxc:subfield code="o">ARS</mxc:subfield>      <mxc:subfield code="a">FU361006060001</mxc:subfield>   </mxc:datafield>   <mxc:datafield tag="998" ind1=" " ind2=" ">      <mxc:subfield code="o">ARS</mxc:subfield>      <mxc:subfield code="a">FU190007490001</mxc:subfield>   </mxc:datafield>   <mxc:datafield tag="998" ind1=" " ind2=" ">      <mxc:subfield code="o">ARS</mxc:subfield>      <mxc:subfield code="a">FU408009140001</mxc:subfield>   </mxc:datafield>   <mxc:datafield tag="998" ind1=" " ind2=" ">      <mxc:subfield code="o">ARS</mxc:subfield>      <mxc:subfield code="a">FU188007090001</mxc:subfield>   </mxc:datafield>
</mxc:record>      </srw:recordData>
<srw:recordIdentifier>ark:/12148/cb34774792z</srw:recordIdentifier>
<srw:recordPosition>23</srw:recordPosition>
<srw:extraRecordData>
<ixm:attr name="CreationDate">19860720</ixm:attr>
<ixm:attr name="LastModificationDate">20190913</ixm:attr>
<mn:score>9.554971</mn:score>
</srw:extraRecordData>
</srw:record>