
<srw:record>
<srw:recordSchema>marcxchange</srw:recordSchema>
<srw:recordPacking>xml</srw:recordPacking>
<srw:recordData>
<mxc:record xmlns:mxc="info:lc/xmlns/marcxchange-v2" format="INTERMARC" id="ark:/12148/cb43808780m" type="Bibliographic">   <mxc:leader>00906c0 m 22000271  45a </mxc:leader>   <mxc:controlfield tag="001">FRBNF438087800000007</mxc:controlfield>   <mxc:controlfield tag="003">http://catalogue.bnf.fr/ark:/12148/cb43808780m</mxc:controlfield>   <mxc:controlfield tag="008">151203s 2012                 brpor     b  001 </mxc:controlfield>   <mxc:controlfield tag="009">a zd       z    z  </mxc:controlfield>   <mxc:datafield tag="017" ind1=" " ind2=" ">      <mxc:subfield code="o">OCoLC</mxc:subfield>      <mxc:subfield code="a">880426645</mxc:subfield>      <mxc:subfield code="k">PIT</mxc:subfield>      <mxc:subfield code="l">eng</mxc:subfield>      <mxc:subfield code="m">OCLCF</mxc:subfield>      <mxc:subfield code="n">rda</mxc:subfield>   </mxc:datafield>   <mxc:datafield tag="020" ind1=" " ind2=" ">      <mxc:subfield code="a">9788542100136</mxc:subfield>      <mxc:subfield code="a">8542100131</mxc:subfield>      <mxc:subfield code="b">br.</mxc:subfield>   </mxc:datafield>   <mxc:datafield tag="051" ind1=" " ind2=" ">      <mxc:subfield code="a">txt</mxc:subfield>      <mxc:subfield code="b">n</mxc:subfield>   </mxc:datafield>   <mxc:datafield tag="100" ind1=" " ind2=" ">      <mxc:subfield code="3">15009905</mxc:subfield>      <mxc:subfield code="1">ISNI000000004213397X</mxc:subfield>      <mxc:subfield code="w">.0..b.....</mxc:subfield>      <mxc:subfield code="a">Pereira</mxc:subfield>      <mxc:subfield code="m">Victor Hugo Adler</mxc:subfield>      <mxc:subfield code="4">0070</mxc:subfield>   </mxc:datafield>   <mxc:datafield tag="245" ind1="1" ind2=" ">      <mxc:subfield code="a">Nelson Rodrigues, o freudismo e o carnaval nos teatros modernos</mxc:subfield>      <mxc:subfield code="d">Texte imprimé</mxc:subfield>      <mxc:subfield code="f">Víctor H.A. Pereira</mxc:subfield>   </mxc:datafield>   <mxc:datafield tag="260" ind1=" " ind2=" ">      <mxc:subfield code="a">Rio de Janeiro, RJ</mxc:subfield>      <mxc:subfield code="c">7 Letras</mxc:subfield>      <mxc:subfield code="d">2012</mxc:subfield>   </mxc:datafield>   <mxc:datafield tag="280" ind1=" " ind2=" ">      <mxc:subfield code="a">123 pages</mxc:subfield>      <mxc:subfield code="d">21 cm</mxc:subfield>   </mxc:datafield>   <mxc:datafield tag="300" ind1=" " ind2=" ">      <mxc:subfield code="a">Includes bibliographical references (pages 117-123)</mxc:subfield>   </mxc:datafield>   <mxc:datafield tag="600" ind1=" " ind2=" ">      <mxc:subfield code="3">11887399</mxc:subfield>      <mxc:subfield code="a">Rodrigues</mxc:subfield>      <mxc:subfield code="m">Nelson</mxc:subfield>      <mxc:subfield code="d">1912-1980</mxc:subfield>      <mxc:subfield code="3">12042895</mxc:subfield>      <mxc:subfield code="x">Critique et interprétation</mxc:subfield>   </mxc:datafield>   <mxc:datafield tag="606" ind1=" " ind2=" ">      <mxc:subfield code="3">11932661</mxc:subfield>      <mxc:subfield code="a">Psychanalyse et littérature</mxc:subfield>   </mxc:datafield>   <mxc:datafield tag="606" ind1=" " ind2=" ">      <mxc:subfield code="3">12011046</mxc:subfield>      <mxc:subfield code="a">Carnavals</mxc:subfield>      <mxc:subfield code="x">Dans la littérature</mxc:subfield>   </mxc:datafield>   <mxc:datafield tag="615" ind1=" " ind2="0">      <mxc:subfield code="a">Rodrigues, Nelson -- Criticism and interpretation</mxc:subfield>      <mxc:subfield code="2">lcsh</mxc:subfield>   </mxc:datafield>   <mxc:datafield tag="615" ind1=" " ind2="6">      <mxc:subfield code="a">Criticism, interpretation, etc</mxc:subfield>      <mxc:subfield code="2">Faceted application of subject terminology</mxc:subfield>   </mxc:datafield>
</mxc:record>      </srw:recordData>
<srw:recordIdentifier>ark:/12148/cb43808780m</srw:recordIdentifier>
<srw:recordPosition>25</srw:recordPosition>
<srw:extraRecordData>
<ixm:attr name="CreationDate">20140423</ixm:attr>
<ixm:attr name="LastModificationDate">20151209</ixm:attr>
<mn:score>9.550564</mn:score>
</srw:extraRecordData>
</srw:record>