
<srw:record>
<srw:recordSchema>marcxchange</srw:recordSchema>
<srw:recordPacking>xml</srw:recordPacking>
<srw:recordData>
<mxc:record xmlns:mxc="info:lc/xmlns/marcxchange-v2" format="INTERMARC" id="ark:/12148/cb399019079" type="Bibliographic">   <mxc:leader>00848c0 m 2200027   45a </mxc:leader>   <mxc:controlfield tag="001">FRBNF399019070000009</mxc:controlfield>   <mxc:controlfield tag="003">http://catalogue.bnf.fr/ark:/12148/cb399019079</mxc:controlfield>   <mxc:controlfield tag="008">050110s 2001                 frfre1    b  001 </mxc:controlfield>   <mxc:controlfield tag="009">a  d               </mxc:controlfield>   <mxc:datafield tag="015" ind1=" " ind2=" ">      <mxc:subfield code="a">00510691</mxc:subfield>      <mxc:subfield code="d">20050101</mxc:subfield>   </mxc:datafield>   <mxc:datafield tag="020" ind1=" " ind2=" ">      <mxc:subfield code="a">2-902093-39-X</mxc:subfield>      <mxc:subfield code="b">br.</mxc:subfield>      <mxc:subfield code="d">6 EUR</mxc:subfield>   </mxc:datafield>   <mxc:datafield tag="051" ind1=" " ind2=" ">      <mxc:subfield code="a">txt</mxc:subfield>      <mxc:subfield code="b">n</mxc:subfield>   </mxc:datafield>   <mxc:datafield tag="110" ind1=" " ind2=" ">      <mxc:subfield code="3">11877619</mxc:subfield>      <mxc:subfield code="1">ISNI0000000123014497</mxc:subfield>      <mxc:subfield code="w">20..b.....</mxc:subfield>      <mxc:subfield code="a">Musée Victor Hugo</mxc:subfield>      <mxc:subfield code="c">Rives-en-Seine, Seine-Maritime</mxc:subfield>      <mxc:subfield code="4">0070</mxc:subfield>   </mxc:datafield>   <mxc:datafield tag="245" ind1="1" ind2=" ">      <mxc:subfield code="a">Musée Victor Hugo, Villequier</mxc:subfield>      <mxc:subfield code="d">Texte imprimé</mxc:subfield>      <mxc:subfield code="e">dessins et correspondances</mxc:subfield>      <mxc:subfield code="e">acquisitions récentes</mxc:subfield>   </mxc:datafield>   <mxc:datafield tag="260" ind1=" " ind2=" ">      <mxc:subfield code="a">Rouen</mxc:subfield>      <mxc:subfield code="c">Conseil général de la Seine-Maritime</mxc:subfield>      <mxc:subfield code="d">2001</mxc:subfield>   </mxc:datafield>   <mxc:datafield tag="270" ind1=" " ind2=" ">      <mxc:subfield code="a">76-Isneauville</mxc:subfield>      <mxc:subfield code="c">Impr. Seurin</mxc:subfield>   </mxc:datafield>   <mxc:datafield tag="280" ind1=" " ind2=" ">      <mxc:subfield code="a">47 p.</mxc:subfield>      <mxc:subfield code="c">ill., couv. ill.</mxc:subfield>      <mxc:subfield code="d">23 cm</mxc:subfield>   </mxc:datafield>   <mxc:datafield tag="600" ind1=" " ind2=" ">      <mxc:subfield code="3">11907966</mxc:subfield>      <mxc:subfield code="a">Hugo</mxc:subfield>      <mxc:subfield code="m">Victor</mxc:subfield>      <mxc:subfield code="d">1802-1885</mxc:subfield>      <mxc:subfield code="3">11936223</mxc:subfield>      <mxc:subfield code="x">Dessin</mxc:subfield>   </mxc:datafield>   <mxc:datafield tag="600" ind1=" " ind2=" ">      <mxc:subfield code="3">11907966</mxc:subfield>      <mxc:subfield code="a">Hugo</mxc:subfield>      <mxc:subfield code="m">Victor</mxc:subfield>      <mxc:subfield code="d">1802-1885</mxc:subfield>      <mxc:subfield code="3">13318736</mxc:subfield>      <mxc:subfield code="x">Correspondance</mxc:subfield>   </mxc:datafield>   <mxc:datafield tag="608" ind1=" " ind2=" ">      <mxc:subfield code="3">11975940</mxc:subfield>      <mxc:subfield code="a">Catalogues</mxc:subfield>   </mxc:datafield>   <mxc:datafield tag="610" ind1=" " ind2=" ">      <mxc:subfield code="3">11877619</mxc:subfield>      <mxc:subfield code="a">Musée Victor Hugo</mxc:subfield>      <mxc:subfield code="c">Rives-en-Seine, Seine-Maritime</mxc:subfield>   </mxc:datafield>   <mxc:datafield tag="676" ind1=" " ind2=" ">      <mxc:subfield code="3">13589417</mxc:subfield>      <mxc:subfield code="i">741.944</mxc:subfield>      <mxc:subfield code="v">23</mxc:subfield>      <mxc:subfield code="a">Recueils de dessins - France</mxc:subfield>   </mxc:datafield>   <mxc:datafield tag="676" ind1=" " ind2=" ">      <mxc:subfield code="3">13590564</mxc:subfield>      <mxc:subfield code="i">846.7</mxc:subfield>      <mxc:subfield code="g">oeuvre</mxc:subfield>      <mxc:subfield code="v">23</mxc:subfield>   </mxc:datafield>   <mxc:datafield tag="680" ind1="0" ind2=" ">      <mxc:subfield code="a">920</mxc:subfield>      <mxc:subfield code="b">920</mxc:subfield>   </mxc:datafield>
</mxc:record>      </srw:recordData>
<srw:recordIdentifier>ark:/12148/cb399019079</srw:recordIdentifier>
<srw:recordPosition>27</srw:recordPosition>
<srw:extraRecordData>
<ixm:attr name="CreationDate">20050110</ixm:attr>
<ixm:attr name="LastModificationDate">20190916</ixm:attr>
<mn:score>9.546787</mn:score>
</srw:extraRecordData>
</srw:record>