
<srw:record>
<srw:recordSchema>marcxchange</srw:recordSchema>
<srw:recordPacking>xml</srw:recordPacking>
<srw:recordData>
<mxc:record xmlns:mxc="info:lc/xmlns/marcxchange-v2" format="INTERMARC" id="ark:/12148/cb47499755c" type="Bibliographic">   <mxc:leader>02321c0 m 2200027   45a </mxc:leader>   <mxc:controlfield tag="001">FRBNF474997550000008</mxc:controlfield>   <mxc:controlfield tag="003">http://catalogue.bnf.fr/ark:/12148/cb47499755c</mxc:controlfield>   <mxc:controlfield tag="008">240621s 2024                 frfre1    b  001 </mxc:controlfield>   <mxc:controlfield tag="009">a  d               </mxc:controlfield>   <mxc:datafield tag="015" ind1=" " ind2=" ">      <mxc:subfield code="a">02444736</mxc:subfield>      <mxc:subfield code="d">20240829</mxc:subfield>      <mxc:subfield code="n">17/2024</mxc:subfield>   </mxc:datafield>   <mxc:datafield tag="020" ind1=" " ind2=" ">      <mxc:subfield code="a">978-2-900314-45-6</mxc:subfield>      <mxc:subfield code="b">br.</mxc:subfield>      <mxc:subfield code="d">24 EUR</mxc:subfield>   </mxc:datafield>   <mxc:datafield tag="038" ind1=" " ind2=" ">      <mxc:subfield code="a">9782900314456</mxc:subfield>   </mxc:datafield>   <mxc:datafield tag="051" ind1=" " ind2=" ">      <mxc:subfield code="a">txt</mxc:subfield>      <mxc:subfield code="a">sti</mxc:subfield>      <mxc:subfield code="b">n</mxc:subfield>   </mxc:datafield>   <mxc:datafield tag="143" ind1=" " ind2=" ">      <mxc:subfield code="a">Exposition</mxc:subfield>      <mxc:subfield code="m">Villequier</mxc:subfield>      <mxc:subfield code="n">Maison Vacquerie-Maison Victor Hugo</mxc:subfield>      <mxc:subfield code="j">2024</mxc:subfield>   </mxc:datafield>   <mxc:datafield tag="245" ind1="1" ind2=" ">      <mxc:subfield code="a">Victor Hugo, "Les travailleurs de la mer"</mxc:subfield>      <mxc:subfield code="d">Texte imprimé</mxc:subfield>      <mxc:subfield code="e">[exposition, Maison Vacquerie-Musée Victor Hugo, Rives-en-Seine (Villequier), 18 mai-29 septembre 2024]</mxc:subfield>   </mxc:datafield>   <mxc:datafield tag="260" ind1=" " ind2="1">      <mxc:subfield code="a">Oissel-sur-Seine</mxc:subfield>      <mxc:subfield code="c">Éditions Octopus</mxc:subfield>      <mxc:subfield code="a">[Rouen]</mxc:subfield>      <mxc:subfield code="c">Département de la Seine-Maritime</mxc:subfield>      <mxc:subfield code="d">DL 2024</mxc:subfield>   </mxc:datafield>   <mxc:datafield tag="270" ind1=" " ind2=" ">      <mxc:subfield code="a">impr. en République tchèque</mxc:subfield>   </mxc:datafield>   <mxc:datafield tag="280" ind1=" " ind2=" ">      <mxc:subfield code="a">1 vol. (176 p.)</mxc:subfield>      <mxc:subfield code="c">ill. en coul.</mxc:subfield>      <mxc:subfield code="d">26 cm</mxc:subfield>   </mxc:datafield>   <mxc:datafield tag="300" ind1=" " ind2=" ">      <mxc:subfield code="a">Bibliogr. p. 174-175</mxc:subfield>   </mxc:datafield>   <mxc:datafield tag="605" ind1=" " ind2=" ">      <mxc:subfield code="3">11992081</mxc:subfield>      <mxc:subfield code="a">Hugo</mxc:subfield>      <mxc:subfield code="m">Victor</mxc:subfield>      <mxc:subfield code="d">1802-1885</mxc:subfield>      <mxc:subfield code="t">Les travailleurs de la mer</mxc:subfield>   </mxc:datafield>   <mxc:datafield tag="608" ind1=" " ind2=" ">      <mxc:subfield code="3">11938837</mxc:subfield>      <mxc:subfield code="a">Catalogues d'exposition</mxc:subfield>   </mxc:datafield>   <mxc:datafield tag="676" ind1=" " ind2=" ">      <mxc:subfield code="3">13590548</mxc:subfield>      <mxc:subfield code="i">843.8</mxc:subfield>      <mxc:subfield code="g">critique</mxc:subfield>      <mxc:subfield code="v">23</mxc:subfield>      <mxc:subfield code="a">Roman de langue française - 1848-1899 [critique]</mxc:subfield>   </mxc:datafield>   <mxc:datafield tag="680" ind1="0" ind2=" ">      <mxc:subfield code="a">800</mxc:subfield>      <mxc:subfield code="b">800</mxc:subfield>   </mxc:datafield>   <mxc:datafield tag="710" ind1=" " ind2=" ">      <mxc:subfield code="3">11877619</mxc:subfield>      <mxc:subfield code="1">ISNI0000000123014497</mxc:subfield>      <mxc:subfield code="w">20..b.....</mxc:subfield>      <mxc:subfield code="a">Musée Victor Hugo</mxc:subfield>      <mxc:subfield code="c">Rives-en-Seine, Seine-Maritime</mxc:subfield>      <mxc:subfield code="4">0070</mxc:subfield>   </mxc:datafield>   <mxc:datafield tag="830" ind1=" " ind2=" ">      <mxc:subfield code="a">Écrit entièrement pendant son exil à Guernesey, « Les Travailleurs de la mer » s'inspire largement du cadre de vie du poète, établi depuis onze ans sur l'île anglo-normande. C'est d'ailleurs à ce « rocher d'hospitalité et de liberté » que le poète dédicace son roman. Si le motif maritime est déjà présent dans l'oeuvre hugolienne, cet ouvrage « Les Travailleurs de la mer » est celui qui rend le plus complètement son exil insulaire. C'est aussi à cette oeuvre littéraire que Victor Hugo adjoindra l'oeuvre graphique la plus importante. Ce livre propose une plongée au coeur de ce sublime drame romantique, de sa conception à son succès critique, à travers de nombreux manuscrits, dessins, gravures ou encore journaux d'époque issus en grande partie des collections du musée Victor Hugo de Villequiers, de la Bibliothèque Nationale de France et des Maisons Hugo - Paris-Guernesey. « Je vous écris ceci un peu pêle-mêle, un peu au hasard. Rendez-vous compte de l'état de mon esprit dans la solitude splendide où je vis, comme perché à la pointe d'une roche, ayant toutes les grandes écumes des vagues et toutes les grandes nuées du ciel sous ma fenêtre. […] C'est de cette éternelle contemplation que je m'éveille pour vous écrire. » Victor Hugo Lettre à Franz Stevens, 10 avril 1856</mxc:subfield>      <mxc:subfield code="2">éditeur</mxc:subfield>   </mxc:datafield>   <mxc:datafield tag="950" ind1=" " ind2=" ">      <mxc:subfield code="a">885370</mxc:subfield>      <mxc:subfield code="b">C1</mxc:subfield>   </mxc:datafield>   <mxc:datafield tag="950" ind1=" " ind2=" ">      <mxc:subfield code="a">885371</mxc:subfield>      <mxc:subfield code="b">C4</mxc:subfield>   </mxc:datafield>
</mxc:record>      </srw:recordData>
<srw:recordIdentifier>ark:/12148/cb47499755c</srw:recordIdentifier>
<srw:recordPosition>28</srw:recordPosition>
<srw:extraRecordData>
<ixm:attr name="CreationDate">20240621</ixm:attr>
<ixm:attr name="LastModificationDate">20240913</ixm:attr>
<mn:score>9.545149</mn:score>
</srw:extraRecordData>
</srw:record>