
<srw:record>
<srw:recordSchema>marcxchange</srw:recordSchema>
<srw:recordPacking>xml</srw:recordPacking>
<srw:recordData>
<mxc:record xmlns:mxc="info:lc/xmlns/marcxchange-v2" format="INTERMARC" id="ark:/12148/cb34165276b" type="Bibliographic">   <mxc:leader>00520c1 m 22000271  45a </mxc:leader>   <mxc:controlfield tag="001">FRBNF341652760000007</mxc:controlfield>   <mxc:controlfield tag="003">http://catalogue.bnf.fr/ark:/12148/cb34165276b</mxc:controlfield>   <mxc:controlfield tag="008">970701s 1931                 frfre     b      </mxc:controlfield>   <mxc:controlfield tag="009">a                  </mxc:controlfield>   <mxc:datafield tag="051" ind1=" " ind2=" ">      <mxc:subfield code="a">txt</mxc:subfield>      <mxc:subfield code="b">n</mxc:subfield>   </mxc:datafield>   <mxc:datafield tag="100" ind1=" " ind2=" ">      <mxc:subfield code="3">14940601</mxc:subfield>      <mxc:subfield code="1">ISNI000000007329563X</mxc:subfield>      <mxc:subfield code="w">.0..b.fre.</mxc:subfield>      <mxc:subfield code="a">Hugo</mxc:subfield>      <mxc:subfield code="m">Georges-Victor</mxc:subfield>      <mxc:subfield code="d">1868-1925</mxc:subfield>      <mxc:subfield code="4">0070</mxc:subfield>   </mxc:datafield>   <mxc:datafield tag="245" ind1="1" ind2=" ">      <mxc:subfield code="a">Mon grand-père</mxc:subfield>      <mxc:subfield code="d">Texte imprimé</mxc:subfield>      <mxc:subfield code="f">Texte et aquarelles de Georges Victor-Hugo</mxc:subfield>   </mxc:datafield>   <mxc:datafield tag="260" ind1=" " ind2=" ">      <mxc:subfield code="a">Paris</mxc:subfield>      <mxc:subfield code="b">110, boulevard Saint-Germain</mxc:subfield>      <mxc:subfield code="c">Libr. de France</mxc:subfield>      <mxc:subfield code="d">1931</mxc:subfield>   </mxc:datafield>   <mxc:datafield tag="270" ind1=" " ind2=" ">      <mxc:subfield code="a">75-Paris</mxc:subfield>      <mxc:subfield code="c">Impr. Damien</mxc:subfield>   </mxc:datafield>   <mxc:datafield tag="280" ind1=" " ind2=" ">      <mxc:subfield code="a">71 p.</mxc:subfield>      <mxc:subfield code="d">In-4°</mxc:subfield>   </mxc:datafield>   <mxc:datafield tag="680" ind1="6" ind2=" ">      <mxc:subfield code="a">000</mxc:subfield>      <mxc:subfield code="d">000</mxc:subfield>   </mxc:datafield>   <mxc:datafield tag="619" ind1=" " ind2="0">      <mxc:subfield code="a">Hugo</mxc:subfield>      <mxc:subfield code="m">Victor</mxc:subfield>      <mxc:subfield code="z">HA</mxc:subfield>   </mxc:datafield>   <mxc:datafield tag="917" ind1=" " ind2=" ">      <mxc:subfield code="o">CRI</mxc:subfield>      <mxc:subfield code="a">HA014002370001P</mxc:subfield>   </mxc:datafield>   <mxc:datafield tag="998" ind1=" " ind2=" ">      <mxc:subfield code="o">OPP</mxc:subfield>      <mxc:subfield code="a">32262762</mxc:subfield>   </mxc:datafield>   <mxc:datafield tag="998" ind1=" " ind2=" ">      <mxc:subfield code="o">CRI</mxc:subfield>      <mxc:subfield code="a">SU059006640001P</mxc:subfield>   </mxc:datafield>
</mxc:record>      </srw:recordData>
<srw:recordIdentifier>ark:/12148/cb34165276b</srw:recordIdentifier>
<srw:recordPosition>30</srw:recordPosition>
<srw:extraRecordData>
<ixm:attr name="CreationDate">19970701</ixm:attr>
<ixm:attr name="LastModificationDate">20190104</ixm:attr>
<mn:score>9.531495</mn:score>
</srw:extraRecordData>
</srw:record>
</srw:records>
<srw:nextRecordPosition>31</srw:nextRecordPosition>
</srw:searchRetrieveResponse>
